@misc {gol, 
	title = "Conway's {G}ame of {L}ife",
	howpublished = "\url{http://www.conwaylife.com/wiki/Conway%27s_Game_of_Life}"
}
@misc {constructor,
	title = "Universal Constructor Based Spaceship",
	author = "Andrew J. Wade",
	year = "2010",
	howpublished = "\url{http://conwaylife.com/forums/viewtopic.php?f=2&t=399&p=2327#p2327}"
}

@article {wolfram,
	title = "Statistical mechanics of cellular automata",
	author = "Stephen Wolfram",
	year = "1983",
	journal = "Reviews of Modern Physics",
	volume = "55",
	number = "3",
	pages = "601--644",
	month = "July"
}

@misc {tm,
	title = "This is a {T}uring {M}achine implemented in {C}onway's {G}ame of {L}ife.",
	author = "Paul Rendell",
	year = "2000",
	howpublished = "\url{http://rendell-attic.org/gol/tm.htm}"
}

@misc {utm,
	title = "This is a {U}niversal {T}uring {M}achine ({UTM}) implemented in
	{C}onway's {G}ame of {L}ife.",
	author = "Paul Rendell",
	year = "2010",
	howpublished = "\url{http://rendell-attic.org/gol/utm/index.htm}"
}

@misc {opencl,
	title = "Open{CL} - The open standard for parallel programming of
	heterogeneous systems",
	author = "Khronos Group",
	howpublished = "\url{http://www.khronos.org/opencl/}"
}

@manual {cuda_prog_guide,
	title = "NVIDIA CUDA C Programming Guide",
	year = "2010",
	organization = "NVidia Corporation",
	edition = "3.2",
	month = "October",
}

@manual {fermi,
	title = "Tuning CUDA Applications for Fermi",
	year = "2010",
	organization = "NVidia Corporation",
	edition = "1.0",
	month = "February",
}
